<?xml version="1.0" encoding="UTF-8"?>
  <record xmlns="http://www.loc.gov/MARC21/slim" type="Authority">
    <leader>00000nz  a2200000oc 4500</leader>
    <controlfield tag="001">17263606X</controlfield>
    <controlfield tag="003">DE-101</controlfield>
    <controlfield tag="005">20170907132118.0</controlfield>
    <controlfield tag="008">110926n||aznnnaabn           | aaa    |c</controlfield>
    <datafield tag="024" ind1="7" ind2=" ">
      <subfield code="a">17263606X</subfield>
      <subfield code="0">http://d-nb.info/gnd/17263606X</subfield>
      <subfield code="2">gnd</subfield>
    </datafield>
    <datafield tag="035" ind1=" " ind2=" ">
      <subfield code="a">(DE-101)17263606X</subfield>
    </datafield>
    <datafield tag="035" ind1=" " ind2=" ">
      <subfield code="a">(DE-588)17263606X</subfield>
    </datafield>
    <datafield tag="035" ind1=" " ind2=" ">
      <subfield code="z">(DE-588a)17263606X</subfield>
      <subfield code="9">v:zg</subfield>
    </datafield>
    <datafield tag="040" ind1=" " ind2=" ">
      <subfield code="a">DE-605</subfield>
      <subfield code="c">DE-605</subfield>
      <subfield code="9">r:DE-605</subfield>
      <subfield code="b">ger</subfield>
      <subfield code="d">0015</subfield>
    </datafield>
    <datafield tag="042" ind1=" " ind2=" ">
      <subfield code="a">gnd3</subfield>
    </datafield>
    <datafield tag="043" ind1=" " ind2=" ">
      <subfield code="c">ZZ</subfield>
    </datafield>
    <datafield tag="075" ind1=" " ind2=" ">
      <subfield code="b">p</subfield>
      <subfield code="2">gndgen</subfield>
    </datafield>
    <datafield tag="075" ind1=" " ind2=" ">
      <subfield code="b">piz</subfield>
      <subfield code="2">gndspec</subfield>
    </datafield>
    <datafield tag="079" ind1=" " ind2=" ">
      <subfield code="a">g</subfield>
      <subfield code="q">f</subfield>
    </datafield>
    <datafield tag="100" ind1="1" ind2=" ">
      <subfield code="a">Pagenstecher, Johann</subfield>
      <subfield code="d">1575-1650</subfield>
    </datafield>
    <datafield tag="400" ind1="1" ind2=" ">
      <subfield code="a">Pagenstecher, Joannes</subfield>
      <subfield code="d">1575-1650</subfield>
    </datafield>
    <datafield tag="400" ind1="1" ind2=" ">
      <subfield code="a">Pagenstecher, Johannes</subfield>
      <subfield code="d">1575-1650</subfield>
    </datafield>
    <datafield tag="500" ind1="1" ind2=" ">
      <subfield code="0">(DE-101)121341623</subfield>
      <subfield code="0">(DE-588)121341623</subfield>
      <subfield code="0">https://d-nb.info/gnd/121341623</subfield>
      <subfield code="a">Pagenstecher, Arnold Gisbert</subfield>
      <subfield code="d">1615-1688</subfield>
      <subfield code="4">bezf</subfield>
      <subfield code="4">https://d-nb.info/standards/elementset/gnd#familialRelationship</subfield>
      <subfield code="w">r</subfield>
      <subfield code="i">Beziehung familiaer</subfield>
      <subfield code="e">Beziehung familiaer</subfield>
      <subfield code="9">v:Sohn</subfield>
    </datafield>
    <datafield tag="500" ind1="1" ind2=" ">
      <subfield code="0">(DE-101)130296163</subfield>
      <subfield code="0">(DE-588)130296163</subfield>
      <subfield code="0">https://d-nb.info/gnd/130296163</subfield>
      <subfield code="a">Pagenstecher, Alexander Arnold</subfield>
      <subfield code="d">1659-1716</subfield>
      <subfield code="4">bezf</subfield>
      <subfield code="4">https://d-nb.info/standards/elementset/gnd#familialRelationship</subfield>
      <subfield code="w">r</subfield>
      <subfield code="i">Beziehung familiaer</subfield>
      <subfield code="e">Beziehung familiaer</subfield>
      <subfield code="9">v:Enkel</subfield>
    </datafield>
    <datafield tag="548" ind1=" " ind2=" ">
      <subfield code="a">1575-1650</subfield>
      <subfield code="4">datl</subfield>
      <subfield code="4">https://d-nb.info/standards/elementset/gnd#dateOfBirthAndDeath</subfield>
      <subfield code="w">r</subfield>
      <subfield code="i">Lebensdaten</subfield>
    </datafield>
    <datafield tag="551" ind1=" " ind2=" ">
      <subfield code="0">(DE-101)040645878</subfield>
      <subfield code="0">(DE-588)4064587-3</subfield>
      <subfield code="0">https://d-nb.info/gnd/4064587-3</subfield>
      <subfield code="a">Warendorf</subfield>
      <subfield code="4">ortg</subfield>
      <subfield code="4">https://d-nb.info/standards/elementset/gnd#placeOfBirth</subfield>
      <subfield code="w">r</subfield>
      <subfield code="i">Geburtsort</subfield>
    </datafield>
    <datafield tag="551" ind1=" " ind2=" ">
      <subfield code="0">(DE-101)040055329</subfield>
      <subfield code="0">(DE-588)4005532-2</subfield>
      <subfield code="0">https://d-nb.info/gnd/4005532-2</subfield>
      <subfield code="a">Bad Bentheim</subfield>
      <subfield code="4">orts</subfield>
      <subfield code="4">https://d-nb.info/standards/elementset/gnd#placeOfDeath</subfield>
      <subfield code="w">r</subfield>
      <subfield code="i">Sterbeort</subfield>
    </datafield>
    <datafield tag="667" ind1=" " ind2=" ">
      <subfield code="a">maschinell eingespielte Altdaten</subfield>
    </datafield>
    <datafield tag="667" ind1=" " ind2=" ">
      <subfield code="a">VD-17</subfield>
    </datafield>
    <datafield tag="678" ind1=" " ind2=" ">
      <subfield code="b">Beiträger im VD17. - Eltern: Werner Pagenstecher (1546-1636) Ratsherr und Bürgermeister in Warendorf und Catharina Pagenstecher geb. Hesseling (1526-1619); von 1602-1610 Professor für Jura in Steinfurt. 1604 und 1609 auch als Prorektor. Ebenfalls bis 1610 war er Assessor am Steinfurter Hofgericht. 1610 ging er nach Bentheim, wo er als Rat tätig war. Später übernahm er dort weitere Ämter, wie die des Kanzlers, Hofrichters und ab 1633 des Oberkirchenratspräsidenten. Auch als Schiedsrichter in Streitigkeiten zwischen den Ständen Gelderns und Kleves fungierte er. - Verheiratet mit Anna Lölevinck (1582−1655), Tochter des Schöffen und Bürgermeisters von Steinfurt Georg Andreas Lölevinck. / 692 Epicedia in obitum clarissimi doctissimique viri, dn. Hermanni Hausmanni ... - 1606</subfield>
    </datafield>
    <datafield tag="913" ind1=" " ind2=" ">
      <subfield code="S">pnd</subfield>
      <subfield code="i">a</subfield>
      <subfield code="a">Pagenstecher, Johann</subfield>
      <subfield code="0">(DE-588a)17263606X</subfield>
    </datafield>
  </record>
